@article {ehrlich,
    author = {Ehrlich, Hans-Christian and Rarey, Matthias},
    title = {Maximum common subgraph isomorphism algorithms and their
            applications in molecular science: a review},
    journal = {Wiley Interdisciplinary Reviews: Computational Molecular
              Science},
    volume = {1},
    number = {1},
    publisher = {John Wiley & Sons, Inc.},
    issn = {1759-0884},
    url = {http://dx.doi.org/10.1002/wcms.5},
    doi = {10.1002/wcms.5},
    pages = {68--79},
    year = {2011},
}

@article{corneil,
    author = {D.G. Corneil and H. Lerchs and L. Stewart Burlingham},
    title = {Complement reducible graphs},
    journal = {Discrete Applied Mathematics},
    volume = {3},
    number = {3},
    note = {},
    issn = {0166-218X},
    url = {http://www.sciencedirect.com/science/article/pii/0166218X81900135},
    doi = {http://dx.doi.org/10.1016/0166-218X(81)90013-5},
    pages = {163--174},
    year = {1981},
}
